<record><leader>00000cas a22000007a 4500</leader><controlfield tag="001">10899540</controlfield><controlfield tag="008">840629d18341835nhuwr ne      0    0eng d</controlfield><datafield ind1=" " ind2=" " tag="010"><subfield code="a">sn 84023629 </subfield></datafield><datafield ind1=" " ind2=" " tag="040"><subfield code="a">AQM</subfield><subfield code="b">eng</subfield><subfield code="c">AQM</subfield><subfield code="d">OCLCG</subfield><subfield code="d">DLC</subfield><subfield code="d">OCLCQ</subfield></datafield><datafield ind1=" " ind2=" " tag="042"><subfield code="a">msc</subfield></datafield><datafield ind1="0" ind2="0" tag="050"><subfield code="a">Newspaper 8701-X</subfield></datafield><datafield ind1="0" ind2="0" tag="245"><subfield code="a">Cheshire County Republican and farmers' museum.</subfield></datafield><datafield ind1="3" ind2="0" tag="246"><subfield code="a">Republican and museum</subfield></datafield><datafield ind1="3" ind2="0" tag="246"><subfield code="a">Republican &amp; museum</subfield></datafield><datafield ind1=" " ind2=" " tag="260"><subfield code="a">Keene, N.H. :</subfield><subfield code="b">B. Cooke,</subfield><subfield code="c">1834-</subfield></datafield><datafield ind1=" " ind2=" " tag="300"><subfield code="a">v. ;</subfield><subfield code="c">54 cm.</subfield></datafield><datafield ind1=" " ind2=" " tag="310"><subfield code="a">Weekly</subfield></datafield><datafield ind1="0" ind2=" " tag="362"><subfield code="a">New ser. v. 1, no. 5 (Oct. 2, 1834)-new ser. v. 2, no. 17 (Dec. 24, 1835) = v. 8, whole no. 369-v. 9, whole no. 433.</subfield></datafield><datafield ind1=" " ind2="7" tag="655"><subfield code="a">Agricultural newspapers.</subfield><subfield code="2">ngl</subfield></datafield><datafield ind1=" " ind2=" " tag="752"><subfield code="a">United States</subfield><subfield code="b">New Hampshire</subfield><subfield code="c">Cheshire</subfield><subfield code="d">Keene.</subfield></datafield><datafield ind1="0" ind2="0" tag="780"><subfield code="t">Farmers' museum (Walpole, N.H. : 1827)</subfield><subfield code="w">(DLC)sn 84023628</subfield><subfield code="w">(OCoLC)10899500</subfield></datafield><datafield ind1="0" ind2="0" tag="785"><subfield code="t">Cheshire Republican and farmer's museum</subfield><subfield code="w">(DLC)sn 84023630</subfield><subfield code="w">(OCoLC)10899603</subfield></datafield><datafield ind1="1" ind2=" " tag="029"><subfield code="a">AU@</subfield><subfield code="b">000020129509</subfield></datafield></record>